<?xml version="1.0" encoding="UTF-8"?><record xmlns="http://www.loc.gov/MARC21/slim" xmlns:cinclude="http://apache.org/cocoon/include/1.0" xmlns:zs="http://www.loc.gov/zing/srw/">
  <leader>00758cz  a2200193n  4500</leader>
  <controlfield tag="001">n  83068013 </controlfield>
  <controlfield tag="003">DLC</controlfield>
  <controlfield tag="005">20000513064521.0</controlfield>
  <controlfield tag="008">830616n| acannaabn          |a aaa      </controlfield>
  <datafield tag="010" ind1=" " ind2=" ">
    <subfield code="a">n  83068013 </subfield>
  </datafield>
  <datafield tag="035" ind1=" " ind2=" ">
    <subfield code="a">(OCoLC)oca00950896</subfield>
  </datafield>
  <datafield tag="040" ind1=" " ind2=" ">
    <subfield code="a">DLC</subfield>
    <subfield code="b">eng</subfield>
    <subfield code="c">DLC</subfield>
    <subfield code="d">OCoLC</subfield>
  </datafield>
  <datafield tag="100" ind1="1" ind2=" ">
    <subfield code="a">Rouveroy van Nieuwaal-Baerends, E. A. van</subfield>
    <subfield code="q">(Els A.)</subfield>
  </datafield>
  <datafield tag="400" ind1="1" ind2=" ">
    <subfield code="a">Rouveroy van Nieuwaal-Baerends, Els A. van</subfield>
  </datafield>
  <datafield tag="400" ind1="1" ind2=" ">
    <subfield code="w">nna</subfield>
    <subfield code="a">Rouveroy van Nieuwaal, Els A. van</subfield>
  </datafield>
  <datafield tag="400" ind1="1" ind2=" ">
    <subfield code="a">Van Rouveroy van Nieuwaal-Baerends, E. A.</subfield>
    <subfield code="q">(Els A.)</subfield>
  </datafield>
  <datafield tag="400" ind1="1" ind2=" ">
    <subfield code="a">Van Nieuwaal-Baerends, E. A. van Rouveroy</subfield>
    <subfield code="q">(Els A. van Rouveroy)</subfield>
  </datafield>
  <datafield tag="400" ind1="1" ind2=" ">
    <subfield code="a">Nieuwaal-Baerends, E. A. van Rouveroy van</subfield>
    <subfield code="q">(Els A. van Rouveroy)</subfield>
  </datafield>
  <datafield tag="400" ind1="1" ind2=" ">
    <subfield code="a">Baerends, E. A. van Rouveroy van Nieuwaal-</subfield>
    <subfield code="q">(Els A. van Rouveroy van Nieuwaal-)</subfield>
  </datafield>
</record>